@Article{facedetection,
author={Rein-Lien Hsu and M. Abdel-Mottaleb and A. K. Jain},
journal={IEEE Transactions on Pattern Analysis and Machine Intelligence},
title={Face detection in color images},
year={2002},
volume={24},
number={5},
pages={696-706},
keywords={Hough transforms;face recognition;feature extraction;image colour analysis;Hough transform;color images;face detection;face image database management;face recognition;facial feature map;human computer interface;skin tone;varying lighting;video surveillance;Application software;Color;Computer interfaces;Face detection;Face recognition;Humans;Image databases;Image generation;Skin;Video surveillance},
doi={10.1109/34.1000242},
ISSN={0162-8828},
month={May},}

@misc{slidingwindow,
       author = "Sanja Fidler",
       title = "Object Detection: Sliding Windows",
       year = "2016",
       url = "http://www.cs.utoronto.ca/~fidler/slides/CSC420/lecture17.pdf",
       note = "[Online; accedido 2-junio-2017]"
}

@misc{wiki:segmentation,
	author = {Wikipedia},
	title = {Image segmentation --- {W}ikipedia{,} The Free Encyclopedia},
	year = "2017",	
	url = {https://en.wikipedia.org/w/index.php?title=Image_segmentation&direction=prev&oldid=765346827},
	note = "[Online; accedido 10-Febrero-2017]"
}

@misc{wiki:otsu,
	author = "Wikipedia",
	title = {Otsu's method --- {W}ikipedia{,} The Free Encyclopedia},
	year = "2017",
	url = {https://en.wikipedia.org/w/index.php?title=Otsu%27s_method&oldid=764215749},
	note = "[Online; accedido 8-Febrero-2017]"
}

@misc{wiki:visualdescriptor,
   author = "Wikipedia",
   title = "Visual descriptor --- {W}ikipedia{,} The Free Encyclopedia",
   year = "2016",
   url = "https://en.wikipedia.org/w/index.php?title=Visual_descriptor&oldid=733992731",
   note = "[Online; accedido 22-Febrero-2017]"
 }
 
@misc{wiki:hog,
   author = "Wikipedia",
   title = "Histogram of oriented gradients --- {W}ikipedia{,} The Free Encyclopedia",
   year = "2017",
   url = "https://en.wikipedia.org/w/index.php?title=Histogram_of_oriented_gradients&oldid=762920844",
   note = "[Online; accedido 22-Febrero-2017]"
 }
 
@misc{ wiki:svm,
   author = "Wikipedia",
   title = "Support vector machine --- {W}ikipedia{,} The Free Encyclopedia",
   year = "2016",
   url = "https://en.wikipedia.org/w/index.php?title=Support_vector_machine&oldid=753894433",
   note = "[Online; accedido 22-Febrero-2017]"
 }
 
@misc{ alanturing:ai,
   author = "Jack Copeland",
   title = "What is Artificial Intelligence?",
   year = "2000",
   url = "http://www.alanturing.net/turing_archive/pages/reference%20articles/what%20is%20ai.html",
   note = "[Online; accedido 16-Marzo-2017]"
 }
 
@article{russell1995modern,
  author={Russell, Stuart and Norvig, Peter},
  title={A modern approach},
  journal={Artificial Intelligence. Prentice-Hall, Egnlewood Cliffs},
  pages={5},
  year={1995},
}

@misc{ wiki:supervisedLearning,
   author = "Wikipedia",
   title = "Supervised learning --- {W}ikipedia{,} The Free Encyclopedia",
   year = "2017",
   url = "https://en.wikipedia.org/w/index.php?title=Supervised_learning&oldid=771828033",
   note = "[Online; accedido 9-Abril-2017]"
 }
 
 @misc{ wiki:unsupervisedLearning,
   author = "Wikipedia",
   title = "Unsupervised learning --- {W}ikipedia{,} The Free Encyclopedia",
   year = "2017",
   url = "https://en.wikipedia.org/w/index.php?title=Unsupervised_learning&oldid=772474321",
   note = "[Online; accedido 9-Abril-2017]"
 }
 
 @misc{ wiki:classification,
   author = "Wikipedia",
   title = "Statistical classification --- {W}ikipedia{,} The Free Encyclopedia",
   year = "2017",
   url = "https://en.wikipedia.org/w/index.php?title=Statistical_classification&oldid=750289685",
   note = "[Online; accedido 9-Abril-2017]"
 }
 
  @misc{ wiki:patternrecognition,
   author = "Wikipedia",
   title = "Pattern recognition --- {W}ikipedia{,} The Free Encyclopedia",
   year = "2017",
   url = "https://en.wikipedia.org/w/index.php?title=Pattern_recognition&oldid=768035922",
   note = "[Online; accedido 9-Abril-2017]"
 }
 
 @misc{ wiki:machinelearning,
   author = "Wikipedia",
   title = "Machine learning --- {W}ikipedia{,} The Free Encyclopedia",
   year = "2017",
   url = "https://en.wikipedia.org/w/index.php?title=Machine_learning&oldid=774352925",
   note = "[Online; accedido 9-Abril-2017]"
 }
 
 @misc{ json,
   author = "JSON",
   title = "JSON",
   year = "2017",
   url = "http://www.json.org",
   note = "[Online; accedido 1-Mayo-2017]"
 }
 
 @misc{ wiki:python,
   author = "Wikibooks",
   title = "Python Programming --- {W}ikibooks{,} The Free Textbook Project",
   year = "2017",
   url = "\url{https://en.wikibooks.org/w/index.php?title=Python_Programming&oldid=3198974}",
   note = "[Online; accedido 1-Mayo-2017]"
 }
 
  @misc{ w3schools:javascript,
   author = "w3schools",
   title = "JavaScript Tutorial --- w3schools",
   year = "2017",
   url = "https://www.w3schools.com/js/default.asp",
   note = "[Online; accedido 1-Mayo-2017]"
 }
 
 @article{yolo,
  author    = {Joseph Redmon and
               Santosh Kumar Divvala and
               Ross B. Girshick and
               Ali Farhadi},
  title     = {You Only Look Once: Unified, Real-Time Object Detection},
  journal   = {CoRR},
  year      = {2015},
  url       = {http://arxiv.org/abs/1506.02640},
  note = "[Online; accedido 28-Abril-2017]"
}

@article{yolov2,
  author    = {Joseph Redmon and
               Ali Farhadi},
  title     = {{YOLO9000:} Better, Faster, Stronger},
  journal   = {CoRR},
  year      = {2016},
  url       = {http://arxiv.org/abs/1612.08242},
  note = "[Online; accedido 2-Mayo-2017]"
 }

@misc{ wiki:bowmodel,
   author = "Wikipedia",
   title = "Bag-of-words model --- {W}ikipedia{,} The Free Encyclopedia",
   year = "2017",
   url = "https://en.wikipedia.org/w/index.php?title=Bag-of-words_model&oldid=774310480",
   note = "[Online; accedido 2-Mayo-2017]"
 }
 
 @misc{ wiki:bowcv,
   author = "Wikipedia",
   title = "Bag-of-words model in computer vision --- Wikipedia{,} The Free Encyclopedia",
   year = "2017",
   url = "https://en.wikipedia.org/w/index.php?title=Bag-of-words_model_in_computer_vision&oldid=775204605",
   note = "[Online; accedido 2-Mayo-2017]"
 }
 
 @BOOK{ms:deeplearning,
  author = {Li Deng and Dong Yu},
  title = {Deep Learning: Methods and Applications},
  year = {2013},
  publisher = {Now Publishers},
  url = "https://www.microsoft.com/en-us/research/publication/deep-learning-methods-and-applications/?from=http%3A%2F%2Fresearch.microsoft.com%2Fpubs%2F209355%2Fdeeplearning-nowpublishing-vol7-sig-039.pdf",
  note = "[Online; accedido 3-Mayo-2017]"
}

 @misc{wiki:deeplearning,
   author = "Wikipedia",
   title = "Deep learning --- Wikipedia{,} The Free Encyclopedia",
   year = "2017",
   url = "https://en.wikipedia.org/w/index.php?title=Deep_learning&oldid=778196063",
   note = "[Online; accedido 3-Mayo-2017]"
 }
 
 @misc{ ucm:arqueobotanica,
   author = "Universidad Complutense de Madrid",
   title = "Arqueobot√°nica",
   year = "2016",
   url = "https://www.ucm.es/arqueoanalisis/arqueobotanica",
   note = "[Online; accedido 7-Mayo-2017]"
 }
 
 @misc{ wiki:fitolito,
       author = "Wikipedia",
       title = "Fitolito --- Wikipedia{,} La enciclopedia libre",
       year = "2016",
       url = "https://es.wikipedia.org/w/index.php?title=Fitolito&oldid=93090864",
       note = "[Online; accedido 7-mayo-2017]"
}

@article{palyrecog,
  author    = {J.J. Charles},
  title     = {Automatic recognition of complete palynomorphs in digital images},
journal="Machine Vision and Applications",
  year      = {2009},
  url       = {https://link.springer.com/article/10.1007/s00138-009-0200-4},
  note = "[Online; accedido 7-Mayo-2017]"
 }
 
 @article{3dmodels,
  author    = {Xingchao Peng and
               Baochen Sun and
               Karim Ali and
               Kate Saenko},
  title     = {Exploring Invariances in Deep Convolutional Neural Networks Using
               Synthetic Images},
  journal   = {CoRR},
  year      = {2014},
  url       = {http://arxiv.org/abs/1412.7122},
  note = "[Online; accedido 27-Mayo-2017]"
}

@inproceedings{sem,
  title={Structure and motion from SEM: a case study},
  author={Nicolls, Fred},
  booktitle={Fifteenth Annual Symposium of the Pattern Recognition Association of South Africa},
  pages={19},
  year={2004},
  note = "[Online; accedido 27-Mayo-2017]"
}

 @article{deeplearning,
  author    = {Yann LeCun, Yoshua Bengio and Geoffrey Hinton},
  journal = "Nature",
  title     = {Deep Learning},
  year      = {2015},
  url       = {http://dx.doi.org/10.1038/nature14539},
  note = "[Online; accedido 28-Mayo-2017]"
}

@article{scikit-image,
 title = {scikit-image: image processing in {P}ython},
 journal = {PeerJ},
 author = {van der Walt, {S}t\'efan and {S}ch\"onberger, {J}ohannes {L}. and
           {Nunez-Iglesias}, {J}uan and {B}oulogne, {F}ran\c{c}ois and {W}arner,
           {J}oshua {D}. and {Y}ager, {N}eil and {G}ouillart, {E}mmanuelle and
           {Y}u, {T}ony and the scikit-image contributors},
 year = {2014},
 url = {http://dx.doi.org/10.7717/peerj.453},
 note = "[Online; accedido 28-Mayo-2017]"
}

@article{faster-rcnn,
  author    = {Shaoqing Ren and
               Kaiming He and
               Ross B. Girshick and
               Jian Sun},
  title     = {Faster {R-CNN:} Towards Real-Time Object Detection with Region Proposal
               Networks},
  journal   = {CoRR},
  year      = {2015},
  url       = {http://arxiv.org/abs/1506.01497},
  note = "[Online; accedido 28-Mayo-2017]"
}

@article{phytolith,
author = {M. Madella and A. Alexandre and T. Ball},
title = {International Code for Phytolith Nomenclature 1.0},
journal = {Annals of Botany},
volume = {96},
number = {2},
pages = {253},
year = {2005},
doi = {10.1093/aob/mci172},
URL = {http://dx.doi.org/10.1093/aob/mci172}
}

@article{emalgorithm,
  title={Maximum likelihood from incomplete data via the EM algorithm},
  author={Dempster, Arthur P and Laird, Nan M and Rubin, Donald B},
  journal={Journal of the royal statistical society. Series B (methodological)},
  pages={1--38},
  year={1977},
  publisher={JSTOR}
}

@article{shift,
author = {Lowe, David G},
journal = {Corfu},
title = {{Object Recognition from Local Scale-Invariant Features}},
url = {http://www.cs.ubc.ca/{~}lowe/papers/iccv99.pdf},
year = {1999}
}

 @misc{wiki:watershed,
   author = "Wikipedia",
   title = "Watershed (image processing) --- {W}ikipedia{,} The Free Encyclopedia",
   year = "2017",
   url = "https://en.wikipedia.org/w/index.php?title=Watershed_(image_processing)&oldid=767072267",
   note = "[Online; accedido 5-Junio-2017]"
}

@Article{svm,
author="Cortes, Corinna
and Vapnik, Vladimir",
title="Support-vector networks",
journal="Machine Learning",
year="1995",
volume="20",
number="3",
pages="273--297",
doi="10.1007/BF00994018",
url="http://dx.doi.org/10.1007/BF00994018"
}

 @misc{cnn,
   author = "Standford {U}niversity",
   title = "CS231n {C}onvolutional {N}eural {N}etworks for {V}isual {R}ecognition",
   year = "2016",
   url = "http://cs231n.github.io/convolutional-networks/",
   note = "[Online; accedido 6-Junio-2017]"
}

 @misc{ wiki:ann,
   author = "Wikipedia",
   title = "Artificial neural network --- {W}ikipedia{,} The Free Encyclopedia",
   year = "2017",
   url = "https://en.wikipedia.org/w/index.php?title=Artificial_neural_network&oldid=783932194",   note = "[Online; accedido 6-Junio-2017]"
}

@Inbook{jcp,
author="D{\'i}ez-Pastor, Jos{\'e} Francisco
and Garc{\'i}a-Osorio, C{\'e}sar
and Barbero-Garc{\'i}a, V{\'i}ctor
and Blanco- {\'A}lamo, Alan",
title="Imbalanced Learning Ensembles for Defect Detection in X-Ray Images",
bookTitle="Recent Trends in Applied Artificial Intelligence: 26th International Conference on Industrial, Engineering and Other Applications of Applied Intelligent Systems, IEA/AIE 2013, Amsterdam, The Netherlands, June 17-21, 2013. Proceedings",
year="2013",
publisher="Springer Berlin Heidelberg",
address="Berlin, Heidelberg",
pages="654--663",
isbn="978-3-642-38577-3",
doi="10.1007/978-3-642-38577-3_68",
url="http://dx.doi.org/10.1007/978-3-642-38577-3_68"
}

@inproceedings{cnnimage,
  title={Speed sign detection and recognition by convolutional neural networks},
  author={Peemen, Maurice and Mesman, Bart and Corporaal, Henk},
  booktitle={Proceedings of the 8th International Automotive Congress},
  pages={162--170},
  year={2011}
}

@misc{darkflow,
   author = "Trinh Hoang Trieu",
   title = "darkflow",
   year = "2016",
   url = "https://github.com/thtrieu/darkflow",
   note = "[Online; accedido 29-Junio-2017]"
}