@misc{ wiki:scrum,
	author = {Wikipedia},
	title = {Scrum --- {W}ikipedia{,} The Free Encyclopedia},
	year = "2017",	
	url = {https://es.wikipedia.org/w/index.php?title=Scrum_(desarrollo_de_software)&oldid=97434229},
	note = "[Online; accedido 12-Marzo-2017]"
}

@misc{ ipywidgets:whataarewidgets,
	author = {Jupyter Team},
	title = {Ipywidgets and jupyter-js-widgets},
	year = "2017",	
	url = {http://ipywidgets.readthedocs.io/en/latest/examples/Widget%20Basics.html#What-are-widgets?},
	note = "[Online; accedido 30-Abril-2017]"
}

@Article{randomforest,
author="Breiman, Leo",
title="Random Forests",
journal="Machine Learning",
year="2001",
volume="45",
number="1",
pages="5--32",
issn="1573-0565",
doi="10.1023/A:1010933404324",
url="http://dx.doi.org/10.1023/A:1010933404324"
}

@Article{gradientboosting,
	author= {H. Friedman, Jerome},
	title= {Greedy Function Approximation: A Gradient Boosting Machine},
	year="2001",
	url= {http://statweb.stanford.edu/~jhf/ftp/trebst.pdf},
	note = "[Online; accedido 30-Mayo-2017]"
}

@misc{wiki:uml,
       author = "Wikipedia",
       title = "Lenguaje unificado de modelado --- Wikipedia{,} La enciclopedia libre",
       year = "2017",
       url = "https://es.wikipedia.org/w/index.php?title=Lenguaje_unificado_de_modelado&oldid=99962565",
	note = "[Online; accedido 27-Junio-2017]"
}