@misc{ wiki:segmentation,
	author = {Wikipedia},
	title = {Image segmentation --- {W}ikipedia{,} The Free Encyclopedia},
	year = "2017",	
	url = {https://en.wikipedia.org/w/index.php?title=Image_segmentation&direction=prev&oldid=765346827},
	note = "[Online; accedido 10-Febrero-2017]"
}

@misc{ wiki:otsu,
	author = "Wikipedia",
	title = {Otsu's method --- {W}ikipedia{,} The Free Encyclopedia},
	year = "2017",
	url = {https://en.wikipedia.org/w/index.php?title=Otsu%27s_method&oldid=764215749},
	note = "[Online; accedido 8-Febrero-2017]"
}

@misc{ wiki:visualdescriptor,
   author = "Wikipedia",
   title = "Visual descriptor --- {W}ikipedia{,} The Free Encyclopedia",
   year = "2016",
   url = "https://en.wikipedia.org/w/index.php?title=Visual_descriptor&oldid=733992731",
   note = "[Online; accedido 22-Febrero-2017]"
 }
 
@misc{ wiki:hog,
   author = "Wikipedia",
   title = "Histogram of oriented gradients --- {W}ikipedia{,} The Free Encyclopedia",
   year = "2017",
   url = "https://en.wikipedia.org/w/index.php?title=Histogram_of_oriented_gradients&oldid=762920844",
   note = "[Online; accedido 22-Febrero-2017]"
 }
 
@misc{ wiki:svm,
   author = "Wikipedia",
   title = "Support vector machine --- {W}ikipedia{,} The Free Encyclopedia",
   year = "2016",
   url = "https://en.wikipedia.org/w/index.php?title=Support_vector_machine&oldid=753894433",
   note = "[Online; accedido 22-Febrero-2017]"
 }