@misc{ wiki:scrum,
	author = {Wikipedia},
	title = {Scrum --- {W}ikipedia{,} The Free Encyclopedia},
	year = "2017",	
	url = {https://es.wikipedia.org/w/index.php?title=Scrum_(desarrollo_de_software)&oldid=97434229},
	note = "[Online; accedido 12-Marzo-2017]"
}

@misc{ ipywidgets:whataarewidgets,
	author = {Jupyter Team},
	title = {Ipywidgets and jupyter-js-widgets},
	year = "2017",	
	url = {http://ipywidgets.readthedocs.io/en/latest/examples/Widget%20Basics.html#What-are-widgets?},
	note = "[Online; accedido 30-Abril-2017]"
}

@article{randomforest,
	author= {Breiman, Leo},
	title= {Random Forests},
	year="2001",
	url= {http://dx.doi.org/10.1023/A:1010933404324},
	note = "[Online; accedido 30-Mayo-2017]"
}

@article{gradientboosting,
	author= {H. Friedman, Jerome},
	title= {Greedy Function Approximation: A Gradient Boosting Machine},
	year="2001",
	url= {http://statweb.stanford.edu/~jhf/ftp/trebst.pdf},
	note = "[Online; accedido 30-Mayo-2017]"
}
